
<srw:record>
<srw:recordSchema>marcxchange</srw:recordSchema>
<srw:recordPacking>xml</srw:recordPacking>
<srw:recordData>
<mxc:record xmlns:mxc="info:lc/xmlns/marcxchange-v2" format="INTERMARC" id="ark:/12148/cb389221842" type="Bibliographic">   <mxc:leader>00242n13m02200027   45a </mxc:leader>   <mxc:controlfield tag="001">FRBNF389221840000004</mxc:controlfield>   <mxc:controlfield tag="003">http://catalogue.bnf.fr/ark:/12148/cb389221842</mxc:controlfield>   <mxc:controlfield tag="008">021203c 2002                 frfre     b     1</mxc:controlfield>   <mxc:controlfield tag="009">a  f   j           </mxc:controlfield>   <mxc:datafield tag="020" ind1=" " ind2=" ">      <mxc:subfield code="b">Br.</mxc:subfield>   </mxc:datafield>   <mxc:datafield tag="051" ind1=" " ind2=" ">      <mxc:subfield code="a">txt</mxc:subfield>      <mxc:subfield code="b">n</mxc:subfield>   </mxc:datafield>   <mxc:datafield tag="245" ind1="1" ind2=" ">      <mxc:subfield code="a">Betty la malice</mxc:subfield>      <mxc:subfield code="d">Texte imprimé</mxc:subfield>   </mxc:datafield>   <mxc:datafield tag="260" ind1=" " ind2=" ">      <mxc:subfield code="a">[Paris]</mxc:subfield>      <mxc:subfield code="c">Hachette jeunesse</mxc:subfield>      <mxc:subfield code="d">2002-</mxc:subfield>   </mxc:datafield>   <mxc:datafield tag="280" ind1=" " ind2=" ">      <mxc:subfield code="d">29 cm</mxc:subfield>   </mxc:datafield>
</mxc:record>      </srw:recordData>
<srw:recordIdentifier>ark:/12148/cb389221842</srw:recordIdentifier>
<srw:recordPosition>2</srw:recordPosition>
<srw:extraRecordData>
<ixm:attr name="CreationDate">20021203</ixm:attr>
<ixm:attr name="LastModificationDate">20021203</ixm:attr>
<mn:score>0.8897997</mn:score>
</srw:extraRecordData>
</srw:record>