
<srw:record>
<srw:recordSchema>marcxchange</srw:recordSchema>
<srw:recordPacking>xml</srw:recordPacking>
<srw:recordData>
<mxc:record xmlns:mxc="info:lc/xmlns/marcxchange-v2" format="INTERMARC" id="ark:/12148/cb38903977t" type="Bibliographic">   <mxc:leader>00241c13m02200027   45a </mxc:leader>   <mxc:controlfield tag="001">FRBNF389039770000000</mxc:controlfield>   <mxc:controlfield tag="003">http://catalogue.bnf.fr/ark:/12148/cb38903977t</mxc:controlfield>   <mxc:controlfield tag="008">021030c 2002                 frfre     b     1</mxc:controlfield>   <mxc:controlfield tag="009">a  d   j           </mxc:controlfield>   <mxc:datafield tag="020" ind1=" " ind2=" ">      <mxc:subfield code="b">Br.</mxc:subfield>   </mxc:datafield>   <mxc:datafield tag="051" ind1=" " ind2=" ">      <mxc:subfield code="a">txt</mxc:subfield>      <mxc:subfield code="b">n</mxc:subfield>   </mxc:datafield>   <mxc:datafield tag="245" ind1="1" ind2=" ">      <mxc:subfield code="a">L'homme</mxc:subfield>      <mxc:subfield code="d">Texte imprimé</mxc:subfield>   </mxc:datafield>   <mxc:datafield tag="260" ind1=" " ind2=" ">      <mxc:subfield code="a">Lyon</mxc:subfield>      <mxc:subfield code="b">BP 8483, 69359</mxc:subfield>      <mxc:subfield code="c">le Moutard</mxc:subfield>      <mxc:subfield code="d">2002-</mxc:subfield>   </mxc:datafield>   <mxc:datafield tag="280" ind1=" " ind2=" ">      <mxc:subfield code="d">15 cm</mxc:subfield>   </mxc:datafield>
</mxc:record>      </srw:recordData>
<srw:recordIdentifier>ark:/12148/cb38903977t</srw:recordIdentifier>
<srw:recordPosition>4</srw:recordPosition>
<srw:extraRecordData>
<ixm:attr name="CreationDate">20021030</ixm:attr>
<ixm:attr name="LastModificationDate">20021030</ixm:attr>
<mn:score>0.8897997</mn:score>
</srw:extraRecordData>
</srw:record>