
<srw:record>
<srw:recordSchema>marcxchange</srw:recordSchema>
<srw:recordPacking>xml</srw:recordPacking>
<srw:recordData>
<mxc:record xmlns:mxc="info:lc/xmlns/marcxchange-v2" format="INTERMARC" id="ark:/12148/cb41262412s" type="Bibliographic">   <mxc:leader>00236c03m02200027   45a </mxc:leader>   <mxc:controlfield tag="001">FRBNF412624120000005</mxc:controlfield>   <mxc:controlfield tag="003">http://catalogue.bnf.fr/ark:/12148/cb41262412s</mxc:controlfield>   <mxc:controlfield tag="008">080523c 2008                 befre     b     1</mxc:controlfield>   <mxc:controlfield tag="009">a  d   j           </mxc:controlfield>   <mxc:datafield tag="020" ind1=" " ind2=" ">      <mxc:subfield code="b">Rel. mobile</mxc:subfield>   </mxc:datafield>   <mxc:datafield tag="051" ind1=" " ind2=" ">      <mxc:subfield code="a">txt</mxc:subfield>      <mxc:subfield code="b">n</mxc:subfield>   </mxc:datafield>   <mxc:datafield tag="245" ind1="1" ind2=" ">      <mxc:subfield code="a">Pucca</mxc:subfield>      <mxc:subfield code="d">Texte imprimé</mxc:subfield>   </mxc:datafield>   <mxc:datafield tag="260" ind1=" " ind2=" ">      <mxc:subfield code="a">[Bruxelles]</mxc:subfield>      <mxc:subfield code="c">Casterman</mxc:subfield>      <mxc:subfield code="d">2008-</mxc:subfield>   </mxc:datafield>   <mxc:datafield tag="280" ind1=" " ind2=" ">      <mxc:subfield code="d">21 cm</mxc:subfield>   </mxc:datafield>
</mxc:record>      </srw:recordData>
<srw:recordIdentifier>ark:/12148/cb41262412s</srw:recordIdentifier>
<srw:recordPosition>5</srw:recordPosition>
<srw:extraRecordData>
<ixm:attr name="CreationDate">20080523</ixm:attr>
<ixm:attr name="LastModificationDate">20091104</ixm:attr>
<mn:score>0.88972366</mn:score>
</srw:extraRecordData>
</srw:record>