
<srw:record>
<srw:recordSchema>marcxchange</srw:recordSchema>
<srw:recordPacking>xml</srw:recordPacking>
<srw:recordData>
<mxc:record xmlns:mxc="info:lc/xmlns/marcxchange-v2" format="INTERMARC" id="ark:/12148/cb438149703" type="Bibliographic">   <mxc:leader>00234n03m02200027   45a </mxc:leader>   <mxc:controlfield tag="001">FRBNF438149700000007</mxc:controlfield>   <mxc:controlfield tag="003">http://catalogue.bnf.fr/ark:/12148/cb438149703</mxc:controlfield>   <mxc:controlfield tag="008">140505c 2014                 frfre     b     1</mxc:controlfield>   <mxc:controlfield tag="009">a  f   j           </mxc:controlfield>   <mxc:datafield tag="020" ind1=" " ind2=" ">      <mxc:subfield code="b">Rel.</mxc:subfield>   </mxc:datafield>   <mxc:datafield tag="051" ind1=" " ind2=" ">      <mxc:subfield code="a">txt</mxc:subfield>      <mxc:subfield code="b">n</mxc:subfield>   </mxc:datafield>   <mxc:datafield tag="245" ind1="1" ind2=" ">      <mxc:subfield code="a">Coucou caché</mxc:subfield>      <mxc:subfield code="d">Texte imprimé</mxc:subfield>   </mxc:datafield>   <mxc:datafield tag="260" ind1=" " ind2=" ">      <mxc:subfield code="a">Paris</mxc:subfield>      <mxc:subfield code="c">Tourbillon</mxc:subfield>      <mxc:subfield code="d">DL 2014-</mxc:subfield>   </mxc:datafield>   <mxc:datafield tag="280" ind1=" " ind2=" ">      <mxc:subfield code="d">14 cm</mxc:subfield>   </mxc:datafield>
</mxc:record>      </srw:recordData>
<srw:recordIdentifier>ark:/12148/cb438149703</srw:recordIdentifier>
<srw:recordPosition>16</srw:recordPosition>
<srw:extraRecordData>
<ixm:attr name="CreationDate">20140505</ixm:attr>
<ixm:attr name="LastModificationDate">20140505</ixm:attr>
<mn:score>0.8896483</mn:score>
</srw:extraRecordData>
</srw:record>