
<srw:record>
<srw:recordSchema>marcxchange</srw:recordSchema>
<srw:recordPacking>xml</srw:recordPacking>
<srw:recordData>
<mxc:record xmlns:mxc="info:lc/xmlns/marcxchange-v2" format="INTERMARC" id="ark:/12148/cb43765500x" type="Bibliographic">   <mxc:leader>00237n03m02200027   45a </mxc:leader>   <mxc:controlfield tag="001">FRBNF437655000000000</mxc:controlfield>   <mxc:controlfield tag="003">http://catalogue.bnf.fr/ark:/12148/cb43765500x</mxc:controlfield>   <mxc:controlfield tag="008">140217c 2013                 frfre     b     1</mxc:controlfield>   <mxc:controlfield tag="009">a      j           </mxc:controlfield>   <mxc:datafield tag="020" ind1=" " ind2=" ">      <mxc:subfield code="b">Br.</mxc:subfield>   </mxc:datafield>   <mxc:datafield tag="051" ind1=" " ind2=" ">      <mxc:subfield code="a">txt</mxc:subfield>      <mxc:subfield code="b">n</mxc:subfield>   </mxc:datafield>   <mxc:datafield tag="245" ind1="1" ind2=" ">      <mxc:subfield code="a">Minimousse</mxc:subfield>      <mxc:subfield code="d">Texte imprimé</mxc:subfield>   </mxc:datafield>   <mxc:datafield tag="260" ind1=" " ind2=" ">      <mxc:subfield code="a">[Sayat]</mxc:subfield>      <mxc:subfield code="c">Cerise bleue</mxc:subfield>      <mxc:subfield code="d">2013-</mxc:subfield>   </mxc:datafield>   <mxc:datafield tag="280" ind1=" " ind2=" ">      <mxc:subfield code="d">14 x 16 cm</mxc:subfield>   </mxc:datafield>
</mxc:record>      </srw:recordData>
<srw:recordIdentifier>ark:/12148/cb43765500x</srw:recordIdentifier>
<srw:recordPosition>19</srw:recordPosition>
<srw:extraRecordData>
<ixm:attr name="CreationDate">20140217</ixm:attr>
<ixm:attr name="LastModificationDate">20140217</ixm:attr>
<mn:score>0.8896483</mn:score>
</srw:extraRecordData>
</srw:record>